% Encoding: UTF-8

@Preamble{ " \newcommand{\noop}[1]{} " }

% Book
@book{PaHe:11,
  author = {Patterson, David A. and Hennessy, John L.},
  title = {Computer Architecture: A Quantitative Approach},
  year = {2011},
  edition = {5},
  isbn = {9780123838728},
  publisher = {Morgan Kaufmann Publishers Inc.},
  howpublished = {http://booksite.elsevier.com/9780123838728},
  keywords = {textbook},
} 

@book{ShLi:05,
  author={Shen, John Paul and Lipasti, Mikko H},
  title={Modern Processor Design: Fundamentals of Superscalar Processors},
  year={2005, reissued 2013},
  edition = {1},
  isbn = {9781478607830},
  publisher={Waveland Press},
  howpublished = {https://www.waveland.com/browse.php?t=624},
  keywords = {textbook},
}